<record><leader>00000cas a22000007a 4500</leader><controlfield tag="001">15073508</controlfield><controlfield tag="008">870115d19431945txuwr ne     o0    0eng d</controlfield><datafield ind1=" " ind2=" " tag="010"><subfield code="a">sn 86090602 </subfield></datafield><datafield ind1=" " ind2=" " tag="040"><subfield code="a">PPM</subfield><subfield code="b">eng</subfield><subfield code="c">PPM</subfield><subfield code="d">OCLCQ</subfield></datafield><datafield ind1=" " ind2=" " tag="042"><subfield code="a">msc</subfield></datafield><datafield ind1=" " ind2=" " tag="043"><subfield code="a">n-us---</subfield><subfield code="a">n-us-tx</subfield></datafield><datafield ind1="0" ind2="0" tag="245"><subfield code="a">Bomb blast.</subfield></datafield><datafield ind1="3" ind2="0" tag="246"><subfield code="a">CAAF bomb blast</subfield></datafield><datafield ind1=" " ind2=" " tag="260"><subfield code="a">Childress Army Air Field, Childress, Tex. :</subfield><subfield code="b">[s.n.]</subfield></datafield><datafield ind1=" " ind2=" " tag="310"><subfield code="a">Weekly</subfield></datafield><datafield ind1="0" ind2=" " tag="362"><subfield code="a">-v. 5, no. 2 (Nov. 16, 1945).</subfield></datafield><datafield ind1="1" ind2=" " tag="362"><subfield code="a">Began in 1943?</subfield></datafield><datafield ind1=" " ind2=" " tag="500"><subfield code="a">Published as: The CAAF bomb blast, Nov. 10-Dec. 8, 1944.</subfield></datafield><datafield ind1=" " ind2=" " tag="530"><subfield code="a">Also on microfilm: Austin, Texas: The University of Texas, Center for American History.</subfield></datafield><datafield ind1=" " ind2=" " tag="588"><subfield code="a">Description based on: July 7, 1943 issue.</subfield></datafield><datafield ind1="1" ind2="0" tag="610"><subfield code="a">United States.</subfield><subfield code="b">Army.</subfield><subfield code="b">Air Corps</subfield><subfield code="v">Periodicals.</subfield></datafield><datafield ind1=" " ind2="0" tag="651"><subfield code="a">Childress Field (Tex.)</subfield><subfield code="v">Periodicals.</subfield></datafield><datafield ind1=" " ind2=" " tag="752"><subfield code="a">United States</subfield><subfield code="b">Texas</subfield><subfield code="c">Childress</subfield><subfield code="d">Childress.</subfield></datafield><datafield ind1=" " ind2=" " tag="752"><subfield code="a">United States</subfield><subfield code="b">Texas</subfield><subfield code="c">Childress</subfield><subfield code="d">Childress Army Air Field.</subfield></datafield><datafield ind1="1" ind2=" " tag="029"><subfield code="a">AU@</subfield><subfield code="b">000025789456</subfield></datafield></record>